@ARTICLE{HammingMetric,
  author={R. W. {Hamming}},
  journal={The Bell System Technical Journal},
  title={Error detecting and error correcting codes},
  year={1950},
  volume={29},
  number={2},
  pages={147-160},
  doi={10.1002/j.1538-7305.1950.tb00463.x}
}
