@ARTICLE{RabinKarpSearch,
  author={R. M. {Karp} and M. O. {Rabin}},
  journal={IBM Journal of Research and Development},
  title={Efficient randomized pattern-matching algorithms},
  year={1987},
  volume={31},
  number={2},
  pages={249-260},
  doi={10.1147/rd.312.0249}
}

@techreport{RabinFingerprinting,
  author = {Rabin, Michael O.},
  title = {Fingerprinting by Random Polynomials},
  institution = {Center for Research in Computing Technology, Harvard 
                 University},
  number = {TR-CSE-03-01},
  year = {1981},
}
